<record><leader>00000cas a22000007a 4500</leader><controlfield tag="001">11855415</controlfield><controlfield tag="008">850327d185u185unyuwr ne      0    0eng  </controlfield><datafield ind1=" " ind2=" " tag="010"><subfield code="a">sn 85042157 </subfield></datafield><datafield ind1=" " ind2=" " tag="040"><subfield code="a">DLC</subfield><subfield code="b">eng</subfield><subfield code="c">DLC</subfield><subfield code="d">NPX</subfield><subfield code="d">YOX</subfield><subfield code="d">NYS</subfield><subfield code="d">OCL</subfield><subfield code="d">NYS</subfield><subfield code="d">OCL</subfield><subfield code="d">KRTAS</subfield><subfield code="d">OCLCO</subfield><subfield code="d">OCLCQ</subfield><subfield code="d">OCLCF</subfield></datafield><datafield ind1=" " ind2=" " tag="019"><subfield code="a">26230622</subfield><subfield code="a">26268915</subfield></datafield><datafield ind1="1" ind2=" " tag="029"><subfield code="a">AU@</subfield><subfield code="b">000020235168</subfield></datafield><datafield ind1=" " ind2=" " tag="042"><subfield code="a">msc</subfield></datafield><datafield ind1=" " ind2=" " tag="043"><subfield code="a">n-us-ny</subfield></datafield><datafield ind1="0" ind2="0" tag="050"><subfield code="a">Newspaper 8829-X</subfield></datafield><datafield ind1="0" ind2=" " tag="130"><subfield code="a">Union (Ellicottville, N.Y.)</subfield></datafield><datafield ind1="1" ind2="4" tag="245"><subfield code="a">The union.</subfield></datafield><datafield ind1=" " ind2=" " tag="260"><subfield code="a">Ellicottville, N.Y. :</subfield><subfield code="b">S. Henry</subfield></datafield><datafield ind1=" " ind2=" " tag="300"><subfield code="a">v. :</subfield><subfield code="b">ill. (chiefly adv.) ;</subfield><subfield code="c">58 cm.</subfield></datafield><datafield ind1=" " ind2=" " tag="310"><subfield code="a">Weekly</subfield></datafield><datafield ind1=" " ind2=" " tag="500"><subfield code="a">Publishers: S. Henry, &lt;1853&gt;-1855; Robert H. Shankland, &lt;1855&gt;.</subfield></datafield><datafield ind1=" " ind2=" " tag="500"><subfield code="a">Editor: James T. Henry, &lt;1855&gt;.</subfield></datafield><datafield ind1=" " ind2=" " tag="500"><subfield code="a">"American Party," &lt;1855&gt;.</subfield></datafield><datafield ind1=" " ind2=" " tag="515"><subfield code="a">Nov. 30, 1855 issue numbered: New ser., v. 1, no. 1 = whole no. 249.</subfield></datafield><datafield ind1=" " ind2=" " tag="588"><subfield code="a">Description based on: Vol. 3, no. 1 (Feb. 18, 1853).</subfield></datafield><datafield ind1=" " ind2="0" tag="651"><subfield code="a">Ellicottville (N.Y.)</subfield><subfield code="v">Newspapers.</subfield></datafield><datafield ind1=" " ind2="0" tag="651"><subfield code="a">Cattaraugus County (N.Y.)</subfield><subfield code="v">Newspapers.</subfield></datafield><datafield ind1=" " ind2="7" tag="655"><subfield code="a">Newspapers.</subfield><subfield code="2">fast</subfield><subfield code="0">(OCoLC)fst01423814</subfield></datafield><datafield ind1=" " ind2="7" tag="651"><subfield code="a">New York (State)</subfield><subfield code="z">Cattaraugus County.</subfield><subfield code="2">fast</subfield><subfield code="0">(OCoLC)fst01207027</subfield></datafield><datafield ind1=" " ind2="7" tag="651"><subfield code="a">New York (State)</subfield><subfield code="z">Ellicottville.</subfield><subfield code="2">fast</subfield><subfield code="0">(OCoLC)fst01268180</subfield></datafield><datafield ind1=" " ind2=" " tag="752"><subfield code="a">United States</subfield><subfield code="b">New York</subfield><subfield code="c">Cattaraugus</subfield><subfield code="d">Ellicottville.</subfield></datafield><datafield ind1="0" ind2="0" tag="780"><subfield code="t">Whig and union</subfield></datafield><datafield ind1="0" ind2="0" tag="785"><subfield code="t">American union (Ellicottville, N.Y.)</subfield><subfield code="w">(DLC)sn 92062028</subfield></datafield><datafield ind1=" " ind2=" " tag="938"><subfield code="a">Kirtas Technologies, Inc.</subfield><subfield code="b">KRTS</subfield><subfield code="n">739096</subfield></datafield></record>